@misc{Wikipedia_2023,
 url={https://en.wikipedia.org/wiki/Cloud_computing},
 journal={Wikipedia},
 publisher={Wikimedia Foundation},
 year={2023},
 month={Sep}
} 

@misc{amazonWhatData,
	author = {},
	title = {{W}hat is a {D}ata {C}enter? - {C}loud {D}ata {C}enter {E}xplained - {A}{W}{S} --- aws.amazon.com},
	howpublished = {\url{https://aws.amazon.com/what-is/data-center/}},
	year = {},
	note = {[Accessed 18-09-2023]},
}

@misc{irishtimesDataCentres1,
	author = {},
	title = {{D}ata centres consume as much electricity as urban houses, {C}{S}{O} figures show --- irishtimes.com},
	howpublished = {\url{https://www.irishtimes.com/business/2023/06/12/data-centres-consume-as-much-electricity-as-urban-houses-cso/}},
	year = {},
	note = {[Accessed 18-09-2023]},
}

@misc{irishtimesDataCentres2,
	author = {},
	title = {{U}p to 82 data centres operating in {R}epublic --- irishtimes.com},
	howpublished = {\url{https://www.irishtimes.com/business/2023/06/17/up-to-82-data-centres-operating-in-republic/}},
	year = {},
	note = {[Accessed 18-09-2023]},
}

@misc{irishtimesDataCentres3,
	author = {},
	title = {{D}ata centres consume as much electricity as urban houses, {C}{S}{O} figures show --- irishtimes.com},
	howpublished = {\url{https://www.irishtimes.com/business/2023/06/12/data-centres-consume-as-much-electricity-as-urban-houses-cso/}},
	year = {},
	note = {[Accessed 18-09-2023]},
}

@misc{euronewsIrelandsData,
	author = {},
	title = {{I}relandâ€™s data centres are using as much electricity as all city homes --- euronews.com},
	howpublished = {\url{https://www.euronews.com/green/2023/06/13/data-centres-gobble-up-18-of-irelands-electricity-as-country-struggles-with-climate-target}},
	year = {},
	note = {[Accessed 18-09-2023]},
}

@misc{ieaDataCentres,
	author = {},
	title = {{D}ata centres \& networks - {I}{E}{A} --- iea.org},
	howpublished = {\url{https://www.iea.org/energy-system/buildings/data-centres-and-data-transmission-networks}},
	year = {},
	note = {[Accessed 18-09-2023]},
}

@book{anthony2015systems,
  title={Systems programming: designing and developing distributed applications},
  author={Anthony, Richard},
  year={2015},
  publisher={Morgan Kaufmann}
}

@article{baker1999cluster,
  title={Cluster computing at a glance},
  author={Baker, Mark and Buyya, Rajkumar},
  journal={High Performance Cluster Computing: Architectures and Systems},
  volume={1},
  number={3-47},
  pages={12},
  year={1999},
  publisher={Citeseer}
}

@misc{amazonWhatGrid,
	author = {},
	title = {{W}hat is {G}rid {C}omputing? - {E}verything you need to know - {A}{W}{S} --- aws.amazon.com},
	howpublished = {\url{https://aws.amazon.com/what-is/grid-computing/}},
	year = {},
	note = {[Accessed 18-09-2023]},
}

@book{velte2010cloud,
  title={Cloud computing},
  publisher = {},
  author={Velte, Anthony T Velte Toby J and Elsenpeter, Ph D Robert},
  year={2010}
}

@article{kant2009data,
  title={Data center evolution: A tutorial on state of the art, issues, and challenges},
  author={Kant, Krishna},
  journal={Computer Networks},
  volume={53},
  number={17},
  pages={2939--2965},
  year={2009},
  publisher={Elsevier}
}

@article{bauman2015survey,
  title={A survey on hypervisor-based monitoring: approaches, applications, and evolutions},
  author={Bauman, Erick and Ayoade, Gbadebo and Lin, Zhiqiang},
  journal={ACM Computing Surveys (CSUR)},
  volume={48},
  number={1},
  pages={1--33},
  year={2015},
  publisher={ACM New York, NY, USA}
}

@book{sturm2017application,
  title={Application performance management (APM) in the digital enterprise: managing applications for cloud, mobile, iot and eBusiness},
  author={Sturm, Rick and Pollard, Carol and Craig, Julie},
  year={2017},
  publisher={Morgan Kaufmann}
}

@article{chiueh2005survey,
  title={A survey on virtualization technologies},
  author={Chiueh, Susanta Nanda Tzi-cker and Brook, Stony},
  journal={Rpe Report},
  volume={142},
  year={2005}
}

@article{lee2012energy,
  title={Energy efficient utilization of resources in cloud computing systems},
  author={Lee, Young Choon and Zomaya, Albert Y},
  journal={The Journal of Supercomputing},
  volume={60},
  pages={268--280},
  year={2012},
  publisher={Springer}
}

@inproceedings{mann2016interplay,
  title={Interplay of virtual machine selection and virtual machine placement},
  author={Mann, Zolt{\'a}n {\'A}d{\'a}m},
  booktitle={Service-Oriented and Cloud Computing: 5th IFIP WG 2.14 European Conference, ESOCC 2016, Vienna, Austria, September 5-7, 2016, Proceedings 5},
  pages={137--151},
  year={2016},
  organization={Springer}
}

@inproceedings{srikantaiah2008energy,
  title={Energy aware consolidation for cloud computing},
  author={Srikantaiah, Shekhar and Kansal, Aman and Zhao, Feng},
  booktitle={USENIX HotPower'08: Workshop on Power Aware Computing and Systems at OSDI},
  year={2008}
}

@article{beloglazov2012optimal,
  title={Optimal online deterministic algorithms and adaptive heuristics for energy and performance efficient dynamic consolidation of virtual machines in cloud data centers},
  author={Beloglazov, Anton and Buyya, Rajkumar},
  journal={Concurrency and Computation: Practice and Experience},
  volume={24},
  number={13},
  pages={1397--1420},
  year={2012},
  publisher={Wiley Online Library}
}

@inproceedings{hsu2011energy,
  title={Energy-aware task consolidation technique for cloud computing},
  author={Hsu, Ching-Hsien and Chen, Shih-Chang and Lee, Chih-Chun and Chang, Hsi-Ya and Lai, Kuan-Chou and Li, Kuan-Ching and Rong, Chunming},
  booktitle={2011 IEEE Third International Conference on Cloud Computing Technology and Science},
  pages={115--121},
  year={2011},
  organization={IEEE}
}

@article{moges2019energy,
  title={Energy-aware VM placement algorithms for the OpenStack Neat consolidation framework},
  author={Moges, Fikru Feleke and Abebe, Surafel Lemma},
  journal={Journal of Cloud Computing},
  volume={8},
  number={1},
  pages={2},
  year={2019},
  publisher={Springer}
}

@article{mkoba2014survey,
  title={A survey on energy efficient with task consolidation in the virtualized cloud computing environment},
  author={Mkoba, Elizabeth Sylvester and Saif, Mokhtar Abdullah Abdo},
  journal={IJRET: International Journal of Research in Engineering and Technology},
  volume={3},
  pages={70--73},
  year={2014}
}

@article{choudhary2017critical,
  title={A critical survey of live virtual machine migration techniques},
  author={Choudhary, Anita and Govil, Mahesh Chandra and Singh, Girdhari and Awasthi, Lalit K and Pilli, Emmanuel S and Kapil, Divya},
  journal={Journal of Cloud Computing},
  volume={6},
  number={1},
  pages={1--41},
  year={2017},
  publisher={SpringerOpen}
}

@article{wang2022research,
  title={Research on virtual machine consolidation strategy based on combined prediction and energy-aware in cloud computing platform},
  author={Wang, Jinjiang and Gu, Hangyu and Yu, Junyang and Song, Yixin and He, Xin and Song, Yalin},
  journal={Journal of Cloud Computing},
  volume={11},
  number={1},
  pages={1--18},
  year={2022},
  publisher={SpringerOpen}
}

@inproceedings{mosa2019dynamic,
  title={Dynamic virtual machine placement considering CPU and memory resource requirements},
  author={Mosa, Abdelkhalik and Sakellariou, Rizos},
  booktitle={2019 IEEE 12th international conference on cloud computing (CLOUD)},
  pages={196--198},
  year={2019},
  organization={IEEE}
}

@inproceedings{farahnakian2013lircup,
  title={LiRCUP: Linear regression based CPU usage prediction algorithm for live migration of virtual machines in data centers},
  author={Farahnakian, Fahimeh and Liljeberg, Pasi and Plosila, Juha},
  booktitle={2013 39th Euromicro conference on software engineering and advanced applications},
  pages={357--364},
  year={2013},
  organization={IEEE}
}

@article{belgacem2023machine,
  title={A machine learning model for improving virtual machine migration in cloud computing},
  author={Belgacem, Ali and Mahmoudi, Sa{\"\i}d and Ferrag, Mohamed Amine},
  journal={The Journal of Supercomputing},
  pages={1--23},
  year={2023},
  publisher={Springer}
}

@article{patel2016machine,
  title={Machine learning based statistical prediction model for improving performance of live virtual machine migration},
  author={Patel, Minal and Chaudhary, Sanjay and Garg, Sanjay and others},
  journal={Journal of Engineering},
  volume={2016},
  year={2016},
  publisher={Hindawi}
}

@article{dashti2016dynamic,
  title={Dynamic VMs placement for energy efficiency by PSO in cloud computing},
  author={Dashti, Seyed Ebrahim and Rahmani, Amir Masoud},
  journal={Journal of Experimental \& Theoretical Artificial Intelligence},
  volume={28},
  number={1-2},
  pages={97--112},
  year={2016},
  publisher={Taylor \& Francis}
}

@article{portaluri2017power,
  title={Power consumption-aware virtual machine placement in cloud data center},
  author={Portaluri, Giuseppe and Adami, Davide and Gabbrielli, Andrea and Giordano, Stefano and Pagano, Michele},
  journal={IEEE Transactions on Green Communications and Networking},
  volume={1},
  number={4},
  pages={541--550},
  year={2017},
  publisher={IEEE}
}

@article{wei2010game,
  title={A game-theoretic method of fair resource allocation for cloud computing services},
  author={Wei, Guiyi and Vasilakos, Athanasios V and Zheng, Yao and Xiong, Naixue},
  journal={The journal of supercomputing},
  volume={54},
  pages={252--269},
  year={2010},
  publisher={Springer}
}

@article{saxena2021proactive,
  title={A proactive autoscaling and energy-efficient VM allocation framework using online multi-resource neural network for cloud data center},
  author={Saxena, Deepika and Singh, Ashutosh Kumar},
  journal={Neurocomputing},
  volume={426},
  pages={248--264},
  year={2021},
  publisher={Elsevier}
}

@inproceedings{srinivasa2014game,
  title={Game theoretic resource allocation in cloud computing},
  author={Srinivasa, KG and Srinidhi, S and Kumar, K Sharath and Shenvi, Vignesh and Kaushik, U Shashank and Mishra, Kushagra},
  booktitle={The Fifth International Conference on the Applications of Digital Information and Web Technologies (ICADIWT 2014)},
  pages={36--42},
  year={2014},
  organization={IEEE}
}

@inproceedings{das2008autonomic,
  title={Autonomic multi-agent management of power and performance in data centers},
  author={Das, Rajarshi and Kephart, Jeffrey O and Lefurgy, Charles and Tesauro, Gerald and Levine, David W and Chan, Hoi},
  booktitle={Proceedings of the 7th international joint conference on Autonomous agents and multiagent systems: industrial track},
  pages={107--114},
  year={2008}
}

@inproceedings{duggan2016reinforcement,
  title={A reinforcement learning approach for dynamic selection of virtual machines in cloud data centres},
  author={Duggan, Martin and Flesk, Kieran and Duggan, Jim and Howley, Enda and Barrett, Enda},
  booktitle={2016 sixth international conference on innovative computing technology (INTECH)},
  pages={92--97},
  year={2016},
  organization={IEEE}
}

@inproceedings{farahnakian2014energy,
  title={Energy-efficient virtual machines consolidation in cloud data centers using reinforcement learning},
  author={Farahnakian, Fahimeh and Liljeberg, Pasi and Plosila, Juha},
  booktitle={2014 22nd Euromicro International Conference on Parallel, Distributed, and Network-Based Processing},
  pages={500--507},
  year={2014},
  organization={IEEE}
}


@inproceedings{shaw2017advanced,
  title={An advanced reinforcement learning approach for energy-aware virtual machine consolidation in cloud data centers},
  author={Shaw, Rachael and Howley, Enda and Barrett, Enda},
  booktitle={2017 12th International Conference for Internet Technology and Secured Transactions (ICITST)},
  pages={61--66},
  year={2017}, 
  organization={IEEE}
}

@article{qin2020virtual,
  title={Virtual machine placement based on multi-objective reinforcement learning},
  author={Qin, Yao and Wang, Hua and Yi, Shanwen and Li, Xiaole and Zhai, Linbo},
  journal={Applied Intelligence},
  volume={50},
  pages={2370--2383},
  year={2020},
  publisher={Springer}
}

@article{caviglione2021deep,
  title={Deep reinforcement learning for multi-objective placement of virtual machines in cloud datacenters},
  author={Caviglione, Luca and Gaggero, Mauro and Paolucci, Massimo and Ronco, Roberto},
  journal={Soft Computing},
  volume={25},
  number={19},
  pages={12569--12588},
  year={2021},
  publisher={Springer}
}

@article{wei2023vmp,
  title={VMP-A3C: Virtual machines placement in cloud computing based on asynchronous advantage actor-critic algorithm},
  author={Wei, Pengcheng and Zeng, Yushan and Yan, Bei and Zhou, Jiahui and Nikougoftar, Elaheh},
  journal={Journal of King Saud University-Computer and Information Sciences},
  volume={35},
  number={5},
  pages={101549},
  year={2023},
  publisher={Elsevier}
}

@article{aghasi2023decentralized,
  title={A decentralized adaptation of model-free Q-learning for thermal-aware energy-efficient virtual machine placement in cloud data centers},
  author={Aghasi, Ali and Jamshidi, Kamal and Bohlooli, Ali and Javadi, Bahman},
  journal={Computer Networks},
  volume={224},
  pages={109624},
  year={2023},
  publisher={Elsevier}
}


@ARTICLE{NewmanGirvan2004,
  author  = {Newman, M. E. J. and Girvan, M.},
  title   = {Finding and Evaluating Community Structure in Networks},
  journal = {Phys. Rev. E.}, 
  volume  = {69},
  year    = {2004},
  pages   = {026113}
}

@book{DBLP:books/aw/RN2020,
	author    = {Stuart J. Russell and
	Peter Norvig},
	title     = {Artificial Intelligence: {A} Modern Approach (4th Edition)},
	publisher = {Pearson},
	year      = {2020},
	url       = {http://aima.cs.berkeley.edu/},
	isbn      = {9780134610993},
	timestamp = {Thu, 20 May 2021 01:00:00 +0200},
	biburl    = {https://dblp.org/rec/books/aw/RN2020.bib},
	bibsource = {dblp computer science bibliography, https://dblp.org}
}

@article{hsieh2020utilization,
  title={Utilization-prediction-aware virtual machine consolidation approach for energy-efficient cloud data centers},
  author={Hsieh, Sun-Yuan and Liu, Cheng-Sheng and Buyya, Rajkumar and Zomaya, Albert Y},
  journal={Journal of Parallel and Distributed Computing},
  volume={139},
  pages={99--109},
  year={2020},
  publisher={Elsevier}
}

@book{alpaydin2021machine,
  title={Machine learning},
  author={Alpaydin, Ethem},
  year={2021},
  publisher={MIT press}
}

@Inbook{ElNaqa2015,
author="El Naqa, Issam
and Murphy, Martin J.",
editor="El Naqa, Issam
and Li, Ruijiang
and Murphy, Martin J.",
title="What Is Machine Learning?",
bookTitle="Machine Learning in Radiation Oncology: Theory and Applications",
year="2015",
publisher="Springer International Publishing",
address="Cham",
pages="3--11",
isbn="978-3-319-18305-3",
doi="10.1007/978-3-319-18305-3_1",
url="https://doi.org/10.1007/978-3-319-18305-3_1"
}

@misc{builtinUnderstandingMarkov,
	author = {},
	title = {{U}nderstanding the {M}arkov {D}ecision {P}rocess ({M}{D}{P}) | {B}uilt {I}n --- builtin.com},
	howpublished = {\url{https://builtin.com/machine-learning/markov-decision-process}},
	year = {},
	note = {[Accessed 19-08-2024]},
}

@book{Sutton_Barto_2020, place={Cambridge, MA}, title={Reinforcement learning: An introduction}, publisher={The MIT Press}, author={Sutton, Richard S. and Barto, Andrew G.}, year={2020}} 

@article{bellman1966dynamic,
  title={Dynamic programming},
  author={Bellman, Richard},
  journal={science},
  volume={153},
  number={3731},
  pages={34--37},
  year={1966},
  publisher={American Association for the Advancement of Science}
}

@inproceedings{Rummery1994OnlineQU,
  booktitle={On-line Q-learning using connectionist systems},
  title={On-line Q-learning using connectionist systems},
  author={Gavin Adrian Rummery and Mahesan Niranjan},
  year={1994},
  url={https://api.semanticscholar.org/CorpusID:59872172}
}

@misc{mnijuNotesQLearning,
	author = {NijuNicholas},
	title = {{N}otes on {Q} learning --- mniju.github.io},
	howpublished = {\url{https://mniju.github.io/Blog/}},
	year = {},
	note = {[Accessed 20-08-2024]},
}

@misc{cloudsimtutorialsCloudSimSimulation,
	author = {},
	title = {{C}loud{S}im {S}imulation {T}oolkit: {A}n {I}ntroduction - {C}loudsim {T}utorials --- cloudsimtutorials.online},
	howpublished = {\url{https://cloudsimtutorials.online/cloudsim-simulation-toolkit-an-introduction/}},
	year = {},
	note = {[Accessed 20-08-2024]},
}

@article{watkins1992q,
  title={Q-learning},
  author={Watkins, Christopher JCH and Dayan, Peter},
  journal={Machine learning},
  volume={8},
  pages={279--292},
  year={1992},
  publisher={Springer}
}

@article{calheiros2011cloudsim,
  title={CloudSim: a toolkit for modeling and simulation of cloud computing environments and evaluation of resource provisioning algorithms},
  author={Calheiros, Rodrigo N and Ranjan, Rajiv and Beloglazov, Anton and De Rose, C{\'e}sar AF and Buyya, Rajkumar},
  journal={Software: Practice and experience},
  volume={41},
  number={1},
  pages={23--50},
  year={2011},
  publisher={Wiley Online Library}
}

@masterthesis{Lukethesis,
  title        = {Evaluation of a Reinforcement Learning Approach to Virtual Machine Selection},
  author       = {Luke Hayes},
  year         = 2021,
  month        = {September},
  address      = {Galway, IE},
  note         = {},
  school       = {University of Galway},
  type         = {Master's thesis}
}